<?xml version="1.0" encoding="utf-8"?>
<record xmlns="http://www.loc.gov/MARC21/slim" xmlns:xsi="http://www.w3.org/2001/XMLSchema-instance" xsi:schemaLocation="http://www.loc.gov/MARC21/slim http://www.loc.gov/standards/marcxml/schema/MARC21slim.xsd">
	<leader>     nam a22        4500</leader>
	<controlfield tag="001">3368910</controlfield>
	<controlfield tag="003">NNC</controlfield>
	<controlfield tag="006">m        d        </controlfield>
	<controlfield tag="007">cr cn |||m|||a</controlfield>
	<controlfield tag="008">160408m19569999sy h    o     000 0 ara d</controlfield>
	<datafield ind1=" " ind2=" " tag="040">
		<subfield code="a">NNU</subfield>
		<subfield code="b">eng</subfield>
		<subfield code="e">rda</subfield>
		<subfield code="c">NNU</subfield>
	</datafield>
	<datafield ind1=" " ind2="4" tag="050">
		<subfield code="a">PJ7750.I13A22</subfield>
		<subfield code="b">A17</subfield>
	</datafield>
	<datafield ind1="1" ind2=" " tag="100">
		<subfield code="6">880-01</subfield>
		<subfield code="a">Ibn Abī Ḥuṣaynah, al-Ḥasan ibn ʻAbd Allāh,</subfield>
		<subfield code="d">998?-1065.</subfield>
	</datafield>
	<datafield ind1="1" ind2="0" tag="245">
		<subfield code="a">Dīwān Ibn Abī Ḥusaynah ; samaʻahu wa-sharaḥahu Abū al-ʻAlāʼ al-Maʻarri ; ḥaqqaqahu Muḥammad Asʻad Ṭalas.</subfield>
	</datafield>
	<datafield ind1=" " ind2=" " tag="260">
		<subfield code="a">Dimashq :</subfield>
		<subfield code="b">al-Maṭbaʻah al-Hāshimīyah,</subfield>
		<subfield code="c">1956-</subfield>
	</datafield>
	<datafield ind1=" " ind2=" " tag="300">
		<subfield code="a">online resource (volumes) :</subfield>
		<subfield code="b">facsimiles</subfield>
	</datafield>
	<datafield ind1=" " ind2=" " tag="336">
		<subfield code="a">text</subfield>
		<subfield code="2">rdacontent</subfield>
	</datafield>
	<datafield ind1=" " ind2=" " tag="337">
		<subfield code="a">computer</subfield>
		<subfield code="2">rdamedia</subfield>
	</datafield>
	<datafield ind1=" " ind2=" " tag="338">
		<subfield code="a">online resource</subfield>
		<subfield code="2">rdacarrier</subfield>
	</datafield>
	<datafield ind1=" " ind2=" " tag="500">
		<subfield code="a">Part of the Arabic Collections Online (ACO) project, contributed by Columbia University Libraries.</subfield>
	</datafield>
	<datafield ind1=" " ind2=" " tag="533">
		<subfield code="a">Electronic reproduction.</subfield>
		<subfield code="b">New York, N.Y. :</subfield>
		<subfield code="c">New York University,</subfield>
		<subfield code="d">2016.</subfield>
		<subfield code="5">NNU</subfield>
	</datafield>
	<datafield ind1="0" ind2=" " tag="700">
		<subfield code="6">880-02</subfield>
		<subfield code="a">Abū al-ʻAlāʼ al-Maʻarrī,</subfield>
		<subfield code="d">973-1057.</subfield>
	</datafield>
	<datafield ind1="1" ind2=" " tag="700">
		<subfield code="a">Ṭalas, Muḥammad Asʻad,</subfield>
		<subfield code="e">editor.</subfield>
	</datafield>
	<datafield ind1="2" ind2=" " tag="710">
		<subfield code="a">Columbia University.</subfield>
		<subfield code="b">Libraries.</subfield>
	</datafield>
	<datafield ind1="0" ind2=" " tag="730">
		<subfield code="a">Arabic Collections Online.</subfield>
	</datafield>
	<datafield ind1="0" ind2="8" tag="776">
		<subfield code="i">Online version:</subfield>
		<subfield code="a">Ibn Abī Ḥuṣaynah, al-Ḥasan ibn ʻAbd Allāh, 998?-1065.</subfield>
		<subfield code="t">Dīwān Ibn Abī Ḥusaynah ; samaʻahu wa-sharaḥahu Abū al-ʻAlāʼ al-Maʻarri ; ḥaqqaqahu Muḥammad Asʻad Ṭalas.</subfield>
		<subfield code="d">Dimashq : al-Maṭbaʻah al-Hāshimīyah, 1956-</subfield>
		<subfield code="w">(OCoLC)586382838</subfield>
	</datafield>
	<datafield ind1="0" ind2="8" tag="776">
		<subfield code="i">Print version:</subfield>
		<subfield code="a">Ibn Abī Ḥuṣaynah, al-Ḥasan ibn ʻAbd Allāh, 998?-1065.</subfield>
		<subfield code="t">Dīwān Ibn Abī Ḥusaynah ; samaʻahu wa-sharaḥahu Abū al-ʻAlāʼ al-Maʻarri ; ḥaqqaqahu Muḥammad Asʻad Ṭalas</subfield>
		<subfield code="w">(NNC)3368910</subfield>
		<subfield code="w">(OCoLC)67309392</subfield>
	</datafield>
	<datafield ind1="4" ind2="0" tag="856">
		<subfield code="u">http://hdl.handle.net/2333.1/bk3j9px7</subfield>
	</datafield>
	<datafield ind1="1" ind2=" " tag="880">
		<subfield code="6">100-01/r</subfield>
		<subfield code="a">ابن ابي حصينة، الحسن بن عبد الله،,</subfield>
		<subfield code="d">998؟1065.</subfield>
	</datafield>
	<datafield ind1="1" ind2="0" tag="880">
		<subfield code="6">245-00/r</subfield>
		<subfield code="a">ديوان ابن ابي حصينة /</subfield>
		<subfield code="c">سمعه وشرحه ابو العلاء المعري ؛ حققه محمد اسعد طلس.</subfield>
	</datafield>
	<datafield ind1=" " ind2=" " tag="880">
		<subfield code="6">260-00/r</subfield>
		<subfield code="a">دمشق :</subfield>
		<subfield code="b">المجمع العلمي العربي ،</subfield>
		<subfield code="c">١٩٥٦-١٩٥٧.</subfield>
	</datafield>
	<datafield ind1="0" ind2=" " tag="880">
		<subfield code="6">490-00/r</subfield>
		<subfield code="a">مطبوعات المجمع العلمي العربي بدمشق.</subfield>
	</datafield>
	<datafield ind1="0" ind2=" " tag="880">
		<subfield code="6">700-02/r</subfield>
		<subfield code="a">ابو العلاء المعري،,</subfield>
		<subfield code="d">9731057.</subfield>
	</datafield>
	<datafield ind1=" " ind2=" " tag="959">
		<subfield code="a">NNU</subfield>
		<subfield code="b">WEB</subfield>
		<subfield code="c">GENI</subfield>
		<subfield code="t">0</subfield>
		<subfield code="m">Electronic access</subfield>
		<subfield code="s">01</subfield>
	</datafield>
	<datafield ind1=" " ind2=" " tag="999">
		<subfield code="i">NNC_3368910</subfield>
		<subfield code="o">(OCoLC)ocm67309392 </subfield>
		<subfield code="s">columbia_aco001897:v.1</subfield>
		<subfield code="s">columbia_aco001898:v.2</subfield>
		<subfield code="e">(ERROR-880)</subfield>
	</datafield>
</record>
